@book{hopcroft2001introduction,
  title={{Introduction to Automata Theory, Languages, and Computation}},
  author={Hopcroft, John E. and Motwani, Rajeev and Ullman, Jeffrey D.},
  volume={2},
  year={2001},
  publisher={Pearson}
}

@book{sipser2006introduction,
  title={{Introduction to the Theory of Computation}},
  author={Sipser, Michael},
  volume={2},
  year={2006},
  publisher={Thomson Course Technology Boston}
}

@book{harrison1978introduction,
  title={{Introduction to Formal Language Theory}},
  author={Harrison, Michael A.},
  year={1978},
  publisher={Addison-Wesley Longman Publishing Co., Inc.}
}